@misc{chicago_crime_data,
  title        = {Crimes - 2001 to Present},
  author       = {{City of Chicago}},
  year         = {2024},
  howpublished = {\url{https://data.cityofchicago.org/Public-Safety/Crimes-2001-to-Present/ijzp-q8t2}},
  note         = {Accessed: 2024-04-06}
}

@misc{chicago_community_areas,
  title        = {Boundaries - Community Areas (current)},
  author       = {{City of Chicago}},
  year         = {2024},
  howpublished = {\url{https://data.cityofchicago.org/Facilities-Geographic-Boundaries/Boundaries-Community-Areas-current-/cauq-8yn6}},
  note         = {Accessed: 2024-04-06}
}

@manual{pandas,
  title        = {pandas: Powerful Python data analysis toolkit},
  author       = {McKinney, Wes and The Pandas Development Team},
  year         = {2024},
  note         = {\url{https://pandas.pydata.org/}},
  organization = {Pandas Community}
}

@manual{airflow,
  title        = {Apache Airflow Documentation},
  author       = {{Apache Software Foundation}},
  year         = {2024},
  note         = {\url{https://airflow.apache.org/docs/}},
  organization = {Apache Software Foundation}
}

@manual{seaborn,
  title        = {Seaborn: Statistical Data Visualization},
  author       = {Waskom, Michael and the Seaborn Development Team},
  year         = {2024},
  note         = {\url{https://seaborn.pydata.org/}},
  organization = {Seaborn Developers}
}

@manual{psycopg,
  title        = {psycopg: PostgreSQL database adapter for Python},
  author       = {Di Gregorio, Federico and Contributors},
  year         = {2024},
  note         = {\url{https://www.psycopg.org/}},
  organization = {The Psycopg Project}
}

@manual{numpy,
  title        = {NumPy: Fundamental package for scientific computing with Python},
  author       = {Harris, Charles R. and Millman, K. Jarrod and van der Walt, Stéfan J. and Gommers, Ralf and others},
  year         = {2024},
  note         = {\url{https://numpy.org/}},
  organization = {NumPy Developers}
}

@manual{geopandas,
  title        = {GeoPandas: Python tools for geographic data},
  author       = {Jordahl, Kelsey and Contributors},
  year         = {2024},
  note         = {\url{https://geopandas.org/}},
  organization = {GeoPandas Developers}
}

@manual{postgresql,
  title        = {PostgreSQL: The world's most advanced open source relational database},
  author       = {{The PostgreSQL Global Development Group}},
  year         = {2024},
  note         = {\url{https://www.postgresql.org/docs/}},
  organization = {PostgreSQL Global Development Group}
}

@manual{lookerstudio,
  title        = {Looker Studio: Google’s data visualization and reporting tool},
  author       = {{Google LLC}},
  year         = {2024},
  note         = {\url{https://lookerstudio.google.com/}},
  organization = {Google}
}

@manual{sodapy,
  title        = {Sodapy: A Python client for the Socrata Open Data API},
  author       = {Socrata and Contributors},
  year         = {2024},
  note         = {\url{https://github.com/socrata/sodapy}},
  organization = {Socrata}
}

@misc{aiven_postgresql,
  author       = {{Aiven}},
  title        = {Aiven for PostgreSQL: Managed PostgreSQL on your favorite cloud},
  howpublished = {\url{https://aiven.io/postgresql}},
  year         = {2024},
  note         = {Accessed: 2024-04-20}
}

@misc{ngrok,
  author       = {{Ngrok}},
  title        = {Ngrok: Secure introspectable tunnels to localhost},
  howpublished = {\url{https://ngrok.com}},
  year         = {2024},
  note         = {Accessed: 2024-04-20}
}